[gd_scene load_steps=28 format=2]

[ext_resource path="res://lich/lich.escn" type="PackedScene" id=1]
[ext_resource path="res://lich/spectre.gd" type="Script" id=2]
[ext_resource path="res://lich/raise_spectre.wav" type="AudioStream" id=3]

[sub_resource type="SpatialMaterial" id=1]
flags_transparent = true
albedo_color = Color( 0.286275, 0.286275, 0.286275, 0.952941 )

[sub_resource type="SpatialMaterial" id=2]
flags_transparent = true
albedo_color = Color( 0, 0, 0, 1 )

[sub_resource type="CapsuleShape" id=3]
radius = 0.450891
height = 1.12081

[sub_resource type="BoxShape" id=4]
extents = Vector3( 0.429416, 0.0158092, 0.288115 )

[sub_resource type="AnimationNodeAnimation" id=5]
animation = "TurnRight_loop"

[sub_resource type="AnimationNodeAnimation" id=6]
animation = "LookDown"

[sub_resource type="AnimationNodeAnimation" id=7]
animation = "LookUp"

[sub_resource type="AnimationNodeAnimation" id=8]
animation = "TurnLeft_loop"

[sub_resource type="AnimationNodeAdd3" id=9]
filter_enabled = true
filters = [ ".:Chest", ".:Head" ]

[sub_resource type="AnimationNodeAnimation" id=10]
animation = "Stand"

[sub_resource type="AnimationNodeAnimation" id=11]
animation = "MoveForward_loop"

[sub_resource type="AnimationNodeAnimation" id=12]
animation = "MoveBackward_loop"

[sub_resource type="AnimationNodeAnimation" id=13]
animation = "MoveRight_loop"

[sub_resource type="AnimationNodeAnimation" id=14]
animation = "MoveLeft_loop"

[sub_resource type="AnimationNodeBlendSpace2D" id=15]
blend_point_0/node = SubResource( 10 )
blend_point_0/pos = Vector2( 0, 0 )
blend_point_1/node = SubResource( 11 )
blend_point_1/pos = Vector2( 0, 1 )
blend_point_2/node = SubResource( 12 )
blend_point_2/pos = Vector2( 0, -1 )
blend_point_3/node = SubResource( 13 )
blend_point_3/pos = Vector2( 1, 0 )
blend_point_4/node = SubResource( 14 )
blend_point_4/pos = Vector2( -1, 0 )

[sub_resource type="AnimationNodeTimeScale" id=16]

[sub_resource type="AnimationNodeAdd3" id=17]
filter_enabled = true
filters = [ ".:Root" ]

[sub_resource type="AnimationNodeBlendTree" id=18]
graph_offset = Vector2( -145, 40 )
nodes/Animation/node = SubResource( 8 )
nodes/Animation/position = Vector2( 180, -20 )
"nodes/Animation 2/node" = SubResource( 5 )
"nodes/Animation 2/position" = Vector2( 170, 260 )
"nodes/Animation 3/node" = SubResource( 6 )
"nodes/Animation 3/position" = Vector2( 380, -60 )
"nodes/Animation 4/node" = SubResource( 7 )
"nodes/Animation 4/position" = Vector2( 400, 280 )
nodes/look/node = SubResource( 9 )
nodes/look/position = Vector2( 600, 80 )
nodes/move/node = SubResource( 15 )
nodes/move/position = Vector2( 0, 100 )
nodes/move_speed/node = SubResource( 16 )
nodes/move_speed/position = Vector2( 200, 100 )
nodes/output/position = Vector2( 800, 140 )
nodes/spin/node = SubResource( 17 )
nodes/spin/position = Vector2( 380, 60 )
node_connections = [ "output", 0, "look", "move_speed", 0, "move", "look", 0, "Animation 3", "look", 1, "spin", "look", 2, "Animation 4", "spin", 0, "Animation", "spin", 1, "move_speed", "spin", 2, "Animation 2" ]

[sub_resource type="SpatialMaterial" id=19]
flags_transparent = true
albedo_color = Color( 1, 1, 1, 0.301961 )
emission_enabled = true
emission = Color( 0.698039, 0.156863, 0.701961, 1 )
emission_energy = 1.97
emission_operator = 0
emission_on_uv2 = false

[sub_resource type="Curve" id=20]
_data = [ Vector2( 0, 0 ), 0.0, 7.08272, 0, 0, Vector2( 0.197938, 0.5154 ), 0.0, 0.0, 0, 0, Vector2( 1, 0 ), 0.0, 0.0, 0, 0 ]

[sub_resource type="CurveTexture" id=21]
curve = SubResource( 20 )

[sub_resource type="ParticlesMaterial" id=22]
emission_shape = 2
emission_box_extents = Vector3( 0.3, 0.7, 0.3 )
spread = 0.0
gravity = Vector3( 0, 0, -9 )
angular_velocity = 1.0
radial_accel = -1.65
tangential_accel = -2.48
damping = 2.48
scale_curve = SubResource( 21 )

[sub_resource type="SphereMesh" id=23]
radius = 0.1
height = 0.2
radial_segments = 16
rings = 8

[sub_resource type="Animation" id=24]
resource_name = "Spawn"
tracks/0/type = "value"
tracks/0/path = NodePath("BodyShape:disabled")
tracks/0/interp = 1
tracks/0/loop_wrap = true
tracks/0/imported = false
tracks/0/enabled = true
tracks/0/keys = {
"times": PoolRealArray( 0, 1 ),
"transitions": PoolRealArray( 1, 1 ),
"update": 1,
"values": [ true, false ]
}
tracks/1/type = "value"
tracks/1/path = NodePath("FootShape:disabled")
tracks/1/interp = 1
tracks/1/loop_wrap = true
tracks/1/imported = false
tracks/1/enabled = true
tracks/1/keys = {
"times": PoolRealArray( 0, 1 ),
"transitions": PoolRealArray( 1, 1 ),
"update": 1,
"values": [ true, false ]
}
tracks/2/type = "value"
tracks/2/path = NodePath(".:translation")
tracks/2/interp = 1
tracks/2/loop_wrap = true
tracks/2/imported = false
tracks/2/enabled = true
tracks/2/keys = {
"times": PoolRealArray( 0, 1 ),
"transitions": PoolRealArray( 1, 1 ),
"update": 0,
"values": [ Vector3( 0, -2.00483, 0 ), Vector3( 0, 0, 0 ) ]
}
tracks/3/type = "value"
tracks/3/path = NodePath("RaiseSound:playing")
tracks/3/interp = 1
tracks/3/loop_wrap = true
tracks/3/imported = false
tracks/3/enabled = true
tracks/3/keys = {
"times": PoolRealArray( 0 ),
"transitions": PoolRealArray( 1 ),
"update": 1,
"values": [ true ]
}

[node name="Spectre" index="0" groups=[
"spectre",
] instance=ExtResource( 1 )]
transform = Transform( 1, 0, 0, 0, 1, 0, 0, 0, 1, 0, -2.00483, 0 )
collision_layer = 7
script = ExtResource( 2 )

[node name="Armature" parent="." index="0"]
bones/2/bound_children = [ NodePath("HeadBoneAttachment") ]

[node name="HeadBoneAttachment" parent="Armature" index="1"]
transform = Transform( 1, -3.55271e-15, 0, 0, 0, -1, 3.55271e-15, 1, 0, 0, 1.5641, 0 )

[node name="CastPoint" type="Position3D" parent="Armature/HeadBoneAttachment/Camera" index="0"]
transform = Transform( -1, -8.74228e-08, 8.74228e-08, -8.74228e-08, 1, 4.29677e-08, -8.74228e-08, 4.29677e-08, -1, 1.20033e-07, -0.366986, -1.00604 )

[node name="Cube" parent="Armature" index="2"]
material/0 = SubResource( 1 )
material/1 = SubResource( 2 )

[node name="BodyShape" type="CollisionShape" parent="." index="1"]
transform = Transform( 1, 0, 0, 0, -4.37114e-08, 1, 0, -1, -4.37114e-08, 0, 1.01397, 0 )
shape = SubResource( 3 )
disabled = true

[node name="FootShape" type="CollisionShape" parent="." index="2"]
transform = Transform( 1, 0, 0, 0, 1, 0, 0, 0, 1, 0, 0.0248016, 0 )
shape = SubResource( 4 )
disabled = true

[node name="AnimationTree" type="AnimationTree" parent="." index="3"]
editor/display_folded = true
tree_root = SubResource( 18 )
anim_player = NodePath("../Armature/AnimationPlayer")
active = true
process_mode = 0
root_motion_track = NodePath(".:Root")
parameters/look/add_amount = 0.0
parameters/move/blend_position = Vector2( 0, 0 )
parameters/move_speed/scale = 1.0
parameters/spin/add_amount = 0.0

[node name="RootMotionView" type="RootMotionView" parent="AnimationTree" index="0"]
animation_path = NodePath("..")

[node name="DrainEffect" type="Spatial" parent="." index="4"]
editor/display_folded = true

[node name="Particles" type="Particles" parent="DrainEffect" index="0"]
transform = Transform( 1, 0, 0, 0, 1, 0, 0, 0, 1, 0, 1.08687, 0 )
material_override = SubResource( 19 )
emitting = false
amount = 64
process_material = SubResource( 22 )
draw_pass_1 = SubResource( 23 )

[node name="PathfindingTimer" type="Timer" parent="." index="5"]
autostart = true

[node name="AnimationPlayer" type="AnimationPlayer" parent="." index="6"]
autoplay = "Spawn"
anims/Spawn = SubResource( 24 )

[node name="RaiseSound" type="AudioStreamPlayer3D" parent="." index="7"]
stream = ExtResource( 3 )
unit_db = 3.721
[connection signal="timeout" from="PathfindingTimer" to="." method="update_path"]
