[gd_scene load_steps=9 format=2]

[ext_resource path="res://spells/sparks/projectile.gd" type="Script" id=1]
[ext_resource path="res://lich/green_mana.material" type="Material" id=2]

[sub_resource type="PhysicsMaterial" id=1]
friction = 2.0
bounce = 0.5

[sub_resource type="Curve" id=2]
max_value = 0.1
_data = [ Vector2( 0, 0.05836 ), 0.0, 0.0, 0, 0, Vector2( 0.963305, 0 ), 0.0, 0.0, 0, 0 ]

[sub_resource type="CurveTexture" id=3]
curve = SubResource( 2 )

[sub_resource type="ParticlesMaterial" id=4]
spread = 180.0
gravity = Vector3( 0, 0, 0 )
initial_velocity = 4.0
damping = 7.02
scale_curve = SubResource( 3 )

[sub_resource type="CubeMesh" id=5]

[sub_resource type="BoxShape" id=6]
extents = Vector3( 0.189679, 0.212548, 0.167975 )

[node name="Spatial" type="RigidBody"]
collision_layer = 0
mass = 5.0
physics_material_override = SubResource( 1 )
linear_damp = 0.4
script = ExtResource( 1 )

[node name="Particles" type="Particles" parent="."]
material_override = ExtResource( 2 )
amount = 256
lifetime = 0.25
local_coords = false
process_material = SubResource( 4 )
draw_pass_1 = SubResource( 5 )

[node name="CollisionShape" type="CollisionShape" parent="."]
shape = SubResource( 6 )

[node name="Area" type="Area" parent="."]
collision_layer = 0
collision_mask = 4

[node name="CollisionShape" type="CollisionShape" parent="Area"]
shape = SubResource( 6 )
